<record><leader>00000cas a2200000 a 4500</leader><controlfield tag="001">37184339</controlfield><controlfield tag="008">970624d19051919oruwr ne      0    0eng c</controlfield><datafield ind1=" " ind2=" " tag="010"><subfield code="a">sn 96088377 </subfield></datafield><datafield ind1=" " ind2=" " tag="040"><subfield code="a">OCN</subfield><subfield code="b">eng</subfield><subfield code="c">OCN</subfield><subfield code="d">OCLCQ</subfield><subfield code="d">ORU</subfield><subfield code="d">OCLCQ</subfield><subfield code="d">OCLCF</subfield><subfield code="d">OCLCO</subfield></datafield><datafield ind1=" " ind2=" " tag="042"><subfield code="a">pcc</subfield></datafield><datafield ind1=" " ind2=" " tag="043"><subfield code="a">n-us-or</subfield></datafield><datafield ind1="0" ind2="0" tag="245"><subfield code="a">Condon times.</subfield></datafield><datafield ind1=" " ind2=" " tag="260"><subfield code="a">Condon, Or. :</subfield><subfield code="b">E. Curran,</subfield><subfield code="c">1905-1919.</subfield></datafield><datafield ind1=" " ind2=" " tag="300"><subfield code="a">14 v.</subfield></datafield><datafield ind1=" " ind2=" " tag="310"><subfield code="a">Weekly</subfield></datafield><datafield ind1="0" ind2=" " tag="362"><subfield code="a">Vol. 6, no. 4 (July 29, 1905)-v. 19, no. 35 (Mar. 29, 1919).</subfield></datafield><datafield ind1=" " ind2=" " tag="530"><subfield code="a">Also issued on microfilm from University of Oregon.</subfield></datafield><datafield ind1=" " ind2=" " tag="580"><subfield code="a">Merged with: Condon globe, to form: Condon globe-times.</subfield></datafield><datafield ind1=" " ind2="0" tag="651"><subfield code="a">Condon (Or.)</subfield><subfield code="v">Newspapers.</subfield></datafield><datafield ind1=" " ind2="7" tag="655"><subfield code="a">Newspapers.</subfield><subfield code="2">fast</subfield><subfield code="0">(OCoLC)fst01423814</subfield></datafield><datafield ind1=" " ind2="7" tag="651"><subfield code="a">Oregon</subfield><subfield code="z">Condon.</subfield><subfield code="2">fast</subfield><subfield code="0">(OCoLC)fst01280553</subfield></datafield><datafield ind1=" " ind2=" " tag="752"><subfield code="a">United States</subfield><subfield code="b">Oregon</subfield><subfield code="c">Gilliam</subfield><subfield code="d">Condon.</subfield></datafield><datafield ind1="0" ind2="0" tag="780"><subfield code="t">Weekly times (Condon, Or.)</subfield><subfield code="w">(DLC)sn 96088379</subfield><subfield code="w">(OCoLC)37184323</subfield></datafield><datafield ind1="1" ind2="7" tag="785"><subfield code="t">Condon globe</subfield><subfield code="w">(DLC)sn 96088376</subfield><subfield code="w">(OCoLC)37184312</subfield></datafield><datafield ind1="1" ind2="7" tag="785"><subfield code="t">Condon globe-times</subfield><subfield code="w">(DLC)sn 96088378</subfield><subfield code="w">(OCoLC)37184367</subfield></datafield></record>